@article{lao85,
author = {Lao, L L and John, H St and Stambaugh, R D and Kellman, A G and Pfeiffer, W},
title = {{Reconstruction of current profile parameters and plasma shapes in tokamaks}},
journal = {Nuclear Fusion},
year = {1985},
volume = {25},
number = {11},
pages = {1611}
}

@article{lao05,
  title={MHD equilibrium reconstruction in the DIII-D tokamak},
  author={Lao, LL and John, HE St and Peng, Q and Ferron, JR and Strait, EJ and Taylor, TS and Meyer, WH and Zhang, C and You, KI},
  journal={Fusion science and technology},
  volume={48},
  number={2},
  pages={968--977},
  year={2005},
  publisher={American Nuclear Society}
}


@article{xing2021,
	doi = {10.1016/j.fusengdes.2020.112163},
	url = {https://doi.org/10.1016%2Fj.fusengdes.2020.112163},
	year = 2021,
	month = {feb},
	publisher = {Elsevier {BV}},
	volume = {163},
	pages = {112163},
	author = {Z.A. Xing and D. Eldon and A.O. Nelson and M.A. Roelofs and W.J. Eggert and O. Izacard and A.S. Glasser and N.C. Logan and O. Meneghini and S.P. Smith and R. Nazikian and E. Kolemen},
	title = {{CAKE}: Consistent Automatic Kinetic Equilibrium reconstruction}
}
1.1787607.pdf gives 10.1063/1.1787607
%comment{This file was created with betterbib v4.0.2.}


@inproceedings{fischer2004,
 author = {Fischer, R.},
 doi = {10.1063/1.1835200},
 source = {Crossref},
 url = {http://dx.doi.org/10.1063/1.1835200},
 booktitle = {AIP Conference Proceedings},
 publisher = {AIP},
 title = {Bayesian Experimental Design --- Studies for Fusion Diagnostics},
 issn = {0094-243X},
 year = {2004},
}

%comment{This file was created with betterbib v4.0.2.}


@article{li2016,
 author = {Li, Dong and Dong, Y. B. and Deng, Wei and Shi, Z. B. and Fu, B. Z. and Gao, J. M. and Wang, T. B. and Zhou, Yan and Liu, Yi and Yang, Q. W. and Duan, X. R.},
 doi = {10.1063/1.4960542},
 number = {11},
 pages = {11E319},
 source = {Crossref},
 url = {http://dx.doi.org/10.1063/1.4960542},
 volume = {87},
 journal = {Rev. Sci. Instrum.},
 publisher = {AIP Publishing},
 title = {Bayesian tomography and integrated data analysis in fusion diagnostics},
 issn = {0034-6748, 1089-7623},
 year = {2016},
 month = aug,
}

@article{joung2018,
	doi = {10.1063/1.5038938},
	url = {https://doi.org/10.1063%2F1.5038938},
	year = 2018,
	month = {oct},
	publisher = {{AIP} Publishing},
	volume = {89},
	number = {10},
	pages = {10K106},
	author = {Semin Joung and Jaewook Kim and Sehyun Kwak and Kyeo-reh Park and S. H. Hahn and H. S. Han and H. S. Kim and J. G. Bak and S. G. Lee and Y.-c. Ghim},
	title = {Imputation of faulty magnetic sensors with coupled Bayesian and Gaussian processes to reconstruct the magnetic equilibrium in real time}
}
@article{joffrin2019,
	doi = {10.1088/1741-4326/ab2276},
	url = {https://doi.org/10.1088%2F1741-4326%2Fab2276},
	year = 2019,
	month = {aug},
	publisher = {{IOP} Publishing},
	volume = {59},
	number = {11},
	pages = {112021},
	author = {E. Joffrin and S. Abduallev and M. Abhangi and P. Abreu and V. Afanasev and M. Afzal and K.M. Aggarwal and T. Ahlgren and L. Aho-Mantila and N. Aiba and M. Airila and T. Alarcon and R. Albanese and D. Alegre and S. Aleiferis and E. Alessi and P. Aleynikov and A. Alkseev and M. Allinson and B. Alper and E. Alves and G. Ambrosino and R. Ambrosino and V. Amosov and E. Andersson Sund{\'{e}}n and R. Andrews and M. Angelone and M. Anghel and C. Angioni and L. Appel and C. Appelbee and P. Arena and M. Ariola and S. Arshad and J. Artaud and W. Arter and A. Ash and N. Ashikawa and V. Aslanyan and O. Asunta and O. Asztalos and F. Auriemma and Y. Austin and L. Avotina and M. Axton and C. Ayres and A. Baciero and D. Bai{\~{a}}o and I. Balboa and M. Balden and N. Balshaw and V.K. Bandaru and J. Banks and Y.F. Baranov and C. Barcellona and T. Barnard and M. Barnes and R. Barnsley and A. Baron Wiechec and L. Barrera Orte and M. Baruzzo and V. Basiuk and M. Bassan and R. Bastow and A. Batista and P. Batistoni and L. Baumane and B. Bauvir and L. Baylor and P.S. Beaumont and M. Beckers and B. Beckett and N. Bekris and M. Beldishevski and K. Bell and F. Belli and {\'{E}}. Belonohy and J. Benayas and H. Bergs{\aa}ker and J. Bernardo and M. Bernert and M. Berry and L. Bertalot and C. Besiliu and H. Betar and M. Beurskens and J. Bielecki and T. Biewer and R. Bilato and O. Biletskyi and P. B{\'{\i}}lkov{\'{a}} and F. Binda and G. Birkenmeier and J.P.S. Bizarro and C. Björkas and J. Blackburn and T.R. Blackman and P. Blanchard and P. Blatchford and V. Bobkov and A. Boboc and O. Bogar and P. Bohm and T. Bohm and I. Bolshakova and T. Bolzonella and N. Bonanomi and L. Boncagni and D. Bonfiglio and X. Bonnin and J. Boom and D. Borba and D. Borodin and I. Borodkina and C. Boulbe and C. Bourdelle and M. Bowden and C. Bowman and T. Boyce and H. Boyer and S.C. Bradnam and V. Braic and R. Bravanec and B. Breizman and D. Brennan and S. Breton and A. Brett and S. Brezinsek and M. Bright and M. Brix and W. Broeckx and M. Brombin and A. Bros{\l}awski and B. Brown and D. Brunetti and E. Bruno and J. Buch and J. Buchanan and R. Buckingham and M. Buckley and M. Bucolo and R. Budny and H. Bufferand and S. Buller and P. Bunting and P. Buratti and A. Burckhart and G. Burroughes and A. Buscarino and A. Busse and D. Butcher and B. Butler and I. Bykov and P. Cahyna and G. Calabr{\`{o}} and L. Calacci and D. Callaghan and J. Callaghan and I. Calvo and Y. Camenen and P. Camp and D.C. Campling and B. Cannas and A. Capat and S. Carcangiu and P. Card and A. Cardinali and P. Carman and D. Carnevale and M. Carr and D. Carralero and L. Carraro and B.B. Carvalho and I. Carvalho and P. Carvalho and D.D. Carvalho and F.J. Casson and C. Castaldo and N. Catarino and F. Causa and R. Cavazzana and K. Cave-Ayland and M. Cavedon and M. Cecconello and S. Ceccuzzi and E. Cecil and C.D. Challis and D. Chandra and C.S. Chang and A. Chankin and I.T. Chapman and B. Chapman and S.C. Chapman and M. Chernyshova and A. Chiariello and G. Chitarin and P. Chmielewski and L. Chone and G. Ciraolo and D. Ciric and J. Citrin and F. Clairet and M. Clark and E. Clark and R. Clarkson and R. Clay and C. Clements and J.P. Coad and P. Coates and A. Cobalt and V. Coccorese and V. Cocilovo and R. Coelho and J.W. Coenen and I. Coffey and L. Colas and B. Colling and S. Collins and D. Conka and S. Conroy and N. Conway and D. Coombs and S.R. Cooper and C. Corradino and Y. Corre and G. Corrigan and D. Coster and T. Craciunescu and S. Cramp and C. Crapper and F. Crisanti and G. Croci and D. Croft and K. Cromb{\'{e}} and N. Cruz and G. Cseh and A. Cufar and A. Cullen and P. Curson and M. Curuia and A. Czarnecka and T. Czarski and I. Cziegler and H. Dabirikhah and A. Dal Molin and P. Dalgliesh and S. Dalley and J. Dankowski and D. Darrow and P. David and A. Davies and W. Davis and K. Dawson and I. Day and C. Day and M. De Bock and A. de Castro and G. De Dominici and E. de la Cal and E. de la Luna and G. De Masi and G. De Temmerman and G. De Tommasi and P. de Vries and J. Deane and R. Dejarnac and D. Del Sarto and E. Delabie and V. Demerdzhiev and A. Dempsey and N. den Harder and R.O. Dendy and J. Denis and P. Denner and S. Devaux and P. Devynck and F. Di Maio and A. Di Siena and C. Di Troia and D. Dickinson and P. Dinca and T. Dittmar and J. Dobrashian and H. Doerk and R.P. Doerner and F. Domptail and T. Donn{\'{e}} and S.E. Dorling and D. Douai and S. Dowson and A. Drenik and M. Dreval and P. Drewelow and P. Drews and Ph. Duckworth and R. Dumont and P. Dumortier and D. Dunai and M. Dunne and I. {\v{D}}uran and F. Durodi{\'{e}} and P. Dutta and B.P. Duval and R. Dux and K. Dylst and P.V. Edappala and A.M. Edwards and J.S. Edwards and Th. Eich and N. Eidietis and A. Eksaeva and R. Ellis and G. Ellwood and C. Elsmore and S. Emery and M. Enachescu and G. Ericsson and J. Eriksson and F. Eriksson and L.G. Eriksson and S. Ertmer and S. Esquembri and A.L. Esquisabel and H.G. Esser and G. Ewart and E. Fable and D. Fagan and M. Faitsch and D. Falie and A. Fanni and A. Farahani and A. Fasoli and B. Faugeras and S. Fazinic{\'} and F. Felici and R.C. Felton and S. Feng and A. Fernades and H. Fernandes and J. Ferreira and D.R. Ferreira and G. Ferr{\`{o}} and J.A. Fessey and O. Ficker and A. Field and S. Fietz and L. Figini and J. Figueiredo and A. Figueiredo and J. Figueiredo and N. Fil and P. Finburg and U. Fischer and L. Fittill and M. Fitzgerald and D. Flammini and J. Flanagan and K. Flinders and S. Foley and N. Fonnesu and J.M. Fontdecaba and A. Formisano and L. Forsythe and L. Fortuna and E. Fransson and M. Frasca and L. Frassinetti and M. Freisinger and R. Fresa and R. Fridström and D. Frigione and V. Fuchs and V. Fusco and S. Futatani and K. G{\'{a}}l and D. Galassi and K. Ga{\l}{\k{a}}zka and S. Galeani and D. Gallart and R. Galv{\~{a}}o and Y. Gao and J. Garcia and A. Garcia-Carrasco and M. Garc{\'{\i}}a-Mu{\~{n}}oz and M. Gardener and L. Garzotti and J. Gaspar and P. Gaudio and D. Gear and T. Gebhart and S. Gee and B. Geiger and M. Gelfusa and R. George and S. Gerasimov and G. Gervasini and M. Gethins and Z. Ghani and M. Ghate and M. Gherendi and F. Ghezzi and J.C. Giacalone and L. Giacomelli and G. Giacometti and K. Gibson and T. Giegerich and L. Gil and M.R. Gilbert and D. Gin and E. Giovannozzi and C. Giroud and S. Glöggler and J. Goff and P. Gohil and V. Goloborod'ko and V. Goloborodko and R. Gomes and B. Gon{\c{c}}alves and M. Goniche and A. Goodyear and G. Gorini and T. Görler and R. Goulding and A. Goussarov and B. Graham and J.P. Graves and H. Greuner and B. Grierson and J. Griffiths and S. Griph and D. Grist and M. Groth and R. Grove and M. Gruca and D. Guard and C. Gu{\'{e}}rard and C. Guillemaut and R. Guirlet and S. Gulati and C. Gurl and A. Gutierrez-Milla and H.H. Utoh and L. Hackett and S. Hacquin and R. Hager and A. Hakola and M. Halitovs and S. Hall and S. Hallworth-Cook and C. Ham and M. Hamed and N. Hamilton and C. Hamlyn-Harris and K. Hammond and G. Hancu and J. Harrison and D. Harting and F. Hasenbeck and Y. Hatano and D.R. Hatch and T. Haupt and J. Hawes and N.C. Hawkes and J. Hawkins and P. Hawkins and S. Hazel and P. Heesterman and K. Heinola and C. Hellesen and T. Hellsten and W. Helou and O. Hemming and T.C. Hender and S.S. Henderson and S.S. Henderson and M. Henderson and R. Henriques and D. Hepple and J. Herfindal and G. Hermon and C. Hidalgo and W. Higginson and E.G. Highcock and J. Hillesheim and D. Hillis and K. Hizanidis and A. Hjalmarsson and A. Ho and J. Hobirk and C.H.A. Hogben and G.M.D. Hogeweij and A. Hollingsworth and S. Hollis and M. Hölzl and J.-J. Honore and M. Hook and D. Hopley and J. Hor{\'{a}}{\v{c}}ek and G. Hornung and A. Horton and L.D. Horton and L. Horvath and S.P. Hotchin and R. Howell and A. Hubbard and A. Huber and V. Huber and T.M. Huddleston and M. Hughes and J. Hughes and G.T.A. Huijsmans and P. Huynh and A. Hynes and I. Igaune and D. Iglesias and N. Imazawa and M. Imr{\'{\i}}{\v{s}}ek and M. Incelli and P. Innocente and I. Ivanova-Stanik and E. Ivings and S. Jachmich and A. Jackson and T. Jackson and P. Jacquet and J. Jansons and F. Jaulmes and S. Jednor{\'{o}}g and I. Jenkins and I. Jepu and T. Johnson and R. Johnson and J. Johnston and L. Joita and J. Joly and E. Jonasson and T. Jones and C. Jones and L. Jones and G. Jones and N. Jones and M. Juvonen and K.K. Hoshino and A. Kallenbach and M. Kalsey and T. Kaltiaisenaho and K. Kamiya and J. Kaniewski and A. Kantor and A. Kappatou and J. Karhunen and D. Karkinsky and M. Kaufman and G. Kaveney and Y. Kazakov and V. Kazantzidis and D.L. Keeling and F.P. Keenan and M. Kempenaars and O. Kent and J. Kent and K. Keogh and E. Khilkevich and H.-T. Kim and H.T. Kim and R. King and D. King and D.J. Kinna and V. Kiptily and A. Kirk and K. Kirov and A. Kirschner and G. Kizane and M. Klas and C. Klepper and A. Klix and M. Knight and P. Knight and S. Knipe and S. Knott and T. Kobuchi and F. Köchl and G. Kocsis and I. Kodeli and F. Koechl and D. Kogut and S. Koivuranta and Y. Kolesnichenko and Z. Kollo and Y. Kominis and M. Köppen and S. Korolczuk and B. Kos and H.R. Koslowski and M. Kotschenreuther and M. Koubiti and R. Kovaldins and O. Kovanda and E. Kowalska-Strz{\k{e}}ciwilk and A. Krasilnikov and V. Krasilnikov and N. Krawczyk and M. Kresina and K. Krieger and A. Krivska and U. Kruezi and I. Ksi{\k{a}}{\.{z}}ek and A. Kukushkin and A. Kundu and T. Kurki-Suonio and S. Kwak and O.J. Kwon and L. Laguardia and A. Lahtinen and A. Laing and P. Lalousis and N. Lam and C. Lamb and H.T. Lambertz and P.T. Lang and S. Lanthaler and E. Lascas Neto and E. {\L}aszy{\'{n}}ska and R. Lawless and K.D. Lawson and A. Lazaros and E. Lazzaro and R. Leach and G. Learoyd and S. Leerink and X. Lefebvre and H.J. Leggate and J. Lehmann and M. Lehnen and P. Leichauer and D. Leichtle and F. Leipold and I. Lengar and M. Lennholm and B. Lepiavko and J. Leppänen and E. Lerche and A. Lescinskis and B. Lescinskis and S. Lesnoj and M. Leyland and W. Leysen and Y. Li and L. Li and Y. Liang and J. Likonen and J. Linke and Ch. Linsmeier and B. Lipschultz and X. Litaudon and G. Liu and B. Lloyd and V.P. Lo Schiavo and T. Loarer and A. Loarte and B. Lomanowski and P.J. Lomas and J. Lönnroth and J.M. L{\'{o}}pez and R. Lorenzini and U. Losada and M. Loughlin and C. Lowry and T. Luce and R. Lucock and A. Lukin and C. Luna and M. Lungaroni and C.P. Lungu and M. Lungu and A. Lunniss and T. Lunt and I. Lupelli and V. Lutsenko and A. Lyssoivan and P. Macheta and E. Macusova and B. Magesh and C. Maggi and R. Maggiora and S. Mahesan and H. Maier and J. Mailloux and R. Maingi and R. Makwana and A. Malaquias and K. Malinowski and A. Malizia and P. Manas and G. Manduchi and M.E. Manso and P. Mantica and M. Mantsinen and A. Manzanares and Ph. Maquet and Y. Marandet and N. Marcenko and C. Marchetto and O. Marchuk and N. Marconato and A. Mariani and M. Marin and M. Marinelli and M. Marinucci and T. Markovi{\v{c}} and D. Marocco and L. Marot and J. Marsh and A. Martin and A. Mart{\'{\i}}n de Aguilera and J.R. Mart{\'{\i}}n-Sol{\'{\i}}s and R. Martone and Y. Martynova and S. Maruyama and M. Maslov and S. Matejcik and M. Mattei and G.F. Matthews and D. Matveev and E. Matveeva and A. Mauriya and F. Maviglia and T. May-Smith and M. Mayer and M.L. Mayoral and D. Mazon and C. Mazzotta and R. McAdams and P.J. McCarthy and K.G. McClements and O. McCormack and P.A. McCullen and D. McDonald and M. McHardy and R. McKean and J. McKehon and L. McNamee and C. Meadowcroft and A. Meakins and S. Medley and S. Meigh and A.G. Meigs and G. Meisl and S. Meiter and S. Meitner and L. Meneses and S. Menmuir and K. Mergia and A. Merle and P. Merriman and Ph. Mertens and S. Meshchaninov and A. Messiaen and H. Meyer and R. Michling and D. Milanesio and F. Militello and E. Militello-Asp and A. Milocco and G. Miloshevsky and F. Mink and S. Minucci and I. Miron and S. Mistry and Y. Miyoshi and J. Mlyn{\'{a}}{\v{r}} and V. Moiseenko and P. Monaghan and I. Monakhov and S. Moon and R. Mooney and S. Moradi and J. Morales and J. Moran and S. Mordijck and L. Moreira and F. Moro and J. Morris and L. Moser and S. Mosher and D. Moulton and T. Mrowetz and A. Muir and M. Muraglia and A. Murari and A. Muraro and S. Murphy and P. Muscat and N. Muthusonai and C. Myers and N.N. Asakura and B. N'Konga and F. Nabais and R. Naish and J. Naish and T. Nakano and F. Napoli and E. Nardon and V. Naulin and M.F.F. Nave and I. Nedzelskiy and G. Nemtsev and V. Nesenevich and F. Nespoli and A. Neto and R. Neu and V.S. Neverov and M. Newman and S. Ng and M. Nicassio and A.H. Nielsen and D. Nina and D. Nishijima and C. Noble and C.R. Nobs and M. Nocente and D. Nodwell and K. Nordlund and H. Nordman and R. Normanton and J.M. Noterdaeme and S. Nowak and I. Nunes and T. O'Gorman and M. O'Mullane and M. Oberkofler and M. Oberparleiter and T. Odupitan and M.T. Ogawa and M. Okabayashi and H. Oliver and R. Olney and L. Omoregie and J. Ongena and F. Orsitto and J. Orszagh and T. Osborne and R. Otin and A. Owen and T. Owen and R. Paccagnella and L.W. Packer and E. Pajuste and S. Pamela and S. Panja and P. Papp and G. Papp and V. Parail and C. Pardanaud and F. Parra Diaz and A. Parsloe and N. Parsons and M. Parsons and R. Pasqualotto and M. Passeri and A. Patel and S. Pathak and H. Patten and A. Pau and G. Pautasso and R. Pavlichenko and A. Pavone and E. Pawelec and C. Paz Soldan and A. Peackoc and S.-P. Pehkonen and E. Peluso and C. Penot and J. Penzo and K. Pepperell and R. Pereira and E. Perelli Cippo and C. Perez von Thun and V. Pericoli and S. Peruzzo and M. Peterka and P. Petersson and G. Petravich and A. Petre and V. Petr{\v{z}}ilka and V. Philipps and L. Pigatto and M. Pillon and S. Pinches and G. Pintsuk and P. Piovesan and W. Pires de Sa and A. Pires dos Reis and L. Piron and C. Piron and A. Pironti and F. Pisano and R. Pitts and V. Plyusnin and F.M. Poli and N. Pomaro and O.G. Pompilian and P. Pool and S. Popovichev and M. Poradzi{\'{n}}ski and M.T. Porfiri and C. Porosnicu and M. Porton and G. Possnert and S. Potzel and G. Poulipoulis and T. Powell and V. Prajapati and R. Prakash and I. Predebon and G. Prestopino and D. Price and M. Price and R. Price and D. Primetzhofer and P. Prior and G. Pucella and P. Puglia and M.E. Puiatti and K. Purahoo and I. Pusztai and Th. Pütterich and E. Rachlew and M. Rack and R. Ragona and M. Rainford and P. Raj and A. Rakha and G. Ramogida and S. Ranjan and C.J. Rapson and D. Rasmussen and J.J. Rasmussen and K. Rathod and G. Ratt{\'{a}} and S. Ratynskaia and G. Ravera and M. Rebai and A. Reed and D. R{\'{e}}fy and J. Rega{\~{n}}a and M. Reich and N. Reid and F. Reimold and M. Reinhart and M. Reinke and D. Reiser and D. Rendell and C. Reux and S.D.A. Reyes Cortes and S. Reynolds and D. Ricci and M. Richiusa and D. Rigamonti and F.G. Rimini and J. Risner and M. Riva and J. Rivero-Rodriguez and C. Roach and R. Robins and S. Robinson and D. Robson and R. Rodionov and P. Rodrigues and J. Rodriguez and V. Rohde and M. Romanelli and F. Romanelli and S. Romanelli and J. Romazanov and S. Rowe and M. Rubel and G. Rubinacci and G. Rubino and L. Ruchko and C. Ruset and J. Rzadkiewicz and S. Saarelma and R. Sabot and X. S{\'{a}}ez and E. Safi and A. Sahlberg and G. Saibene and M. Saleem and M. Salewski and A. Salmi and R. Salmon and F. Salzedas and U. Samm and D. Sandiford and P. Santa and M.I.K. Santala and B. Santos and A. Santucci and F. Sartori and R. Sartori and O. Sauter and R. Scannell and F. Schluck and T. Schlummer and K. Schmid and S. Schmuck and K. Schöpf and J. Schweinzer and D. Schwörer and S.D. Scott and G. Sergienko and M. Sertoli and A. Shabbir and S.E. Sharapov and A. Shaw and H. Sheikh and A. Shepherd and A. Shevelev and D. Shiraki and A. Shumack and G. Sias and M. Sibbald and B. Sieglin and S. Silburn and J. Silva and A. Silva and C. Silva and D. Silvagni and P. Simmons and J. Simpson and A. Sinha and S.K. Sipilä and A.C.C. Sips and P. Sir{\'{e}}n and A. Sirinelli and H. Sjöstrand and M. Skiba and R. Skilton and V. Skvara and B. Slade and R. Smith and P. Smith and S.F. Smith and L. Snoj and S. Soare and E.R. Solano and A. Somers and C. Sommariva and P. Sonato and M. Sos and J. Sousa and C. Sozzi and S. Spagnolo and P. Sparapani and T. Spelzini and F. Spineanu and D. Sprada and S. Sridhar and G. Stables and J. Stallard and I. Stamatelatos and M.F. Stamp and C. Stan-Sion and Z. Stancar and P. Staniec and G. Stank{\={u}}nas and M. Stano and C. Stavrou and E. Stefanikova and I. Stepanov and A.V. Stephen and M. Stephen and J. Stephens and B. Stevens and J. Stober and C. Stokes and J. Strachan and P. Strand and H.R. Strauss and P. Ström and W. Studholme and F. Subba and E. Suchkov and H.P. Summers and H. Sun and N. Sutton and J. Svensson and D. Sytnykov and T. Szabolics and G. Szepesi and T.T. Suzuki and F. Tabar{\'{e}}s and T. Tadic{\'} and B. Tal and B. T{\'{a}}l and T. Tala and C. Taliercio and A. Tallargio and K. Tanaka and W. Tang and M. Tardocchi and R. Tatali and D. Taylor and D. Tegnered and G. Telesca and N. Teplova and A. Teplukhina and D. Terranova and C. Terry and D. Testa and E. Tholerus and J. Thomas and V.K. Thompson and A. Thornton and W. Tierens and I. Tiseanu and H. Tojo and M. Tokitani and P. Tolias and M. Tome{\v{s}} and P. Trimble and M. Tripsky and M. Tsalas and P. Tsavalas and D. Tskhakaya and D. Tskhakaya Jun and I. Turner and M.M. Turner and M. Turnyanskiy and G. Tvalashvili and M. Tyshchenko and A. Uccello and J. Uljanovs and H. Urano and A. Urban and G. Urbanczyk and I. Uytdenhouwen and A. Vadgama and D. Valcarcel and R. Vale and M. Valentinuzzi and K. Valerii and M. Valisa and P. Vallejos Olivares and M. Valovic and D. Van Eester and W. Van Renterghem and G.J. van Rooij and J. Varje and S. Vartanian and K. Vasava and T. Vasilopoulou and M. Vecsei and J. Vega and S. Ventre and G. Verdoolaege and C. Verona and G. Verona Rinati and E. Veshchev and N. Vianello and J. Vicente and E. Viezzer and S. Villari and F. Villone and M. Vincent and P. Vincenzi and I. Vinyar and B. Viola and A. Vitins and Z. Vizvary and M. Vlad and I. Voitsekhovitch and D. Voltolina and U. von Toussaint and P. Vondr{\'{a}}{\v{c}}ek and M. Vuks{\v}ic{\'} and B. Wakeling and C. Waldon and N. Walkden and R. Walker and M. Walker and M. Walsh and N. Wang and E. Wang and N. Wang and S. Warder and R. Warren and J. Waterhouse and C. Watts and T. Wauters and M. Webb and A. Weckmann and J. Weiland and M. Weiland and H. Weisen and M. Weiszflog and P. Welch and A. West and M. Wheatley and S. Wheeler and A.M. Whitehead and D. Whittaker and A.M. Widdowson and S. Wiesen and G. Wilkie and J. Williams and D. Willoughby and J. Wilson and I. Wilson and H.R. Wilson and M. Wischmeier and A. Withycombe and D. Witts and E. Wolfrum and R. Wood and R. Woodley and C. Woodley and S. Wray and J.C. Wright and P. Wright and S. Wukitch and A. Wynn and L. Xiang and T. Xu and Y. Xue and D. Yadikin and Y. Yakovenko and W. Yanling and V. Yavorskij and I. Young and R. Young and D. Young and J. Zacks and R. Zagorski and F.S. Zaitsev and L. Zakharov and R. Zanino and A. Zarins and R. Zarins and D. Zarzoso Fernandez and K.D. Zastrow and M. Zerbini and W. Zhang and Y. Zhou and E. Zilli and A. Zocco and V. Zoita and S. Zoletnik and W. Zwingmann and I. Zychor},
	title = {Overview of the {JET} preparation for deuterium{\textendash}tritium operation with the {ITER} like-wall}
}
@article{sciortino2020,
Author        = {F. Sciortino and N. T. Howard and E. S. Marmar and T. Odstrcil and N. M. Cao and R. Dux and A. E. Hubbard and J. W. Hughes and J. H. Irby and Y. Marzouk and L. M. Milanese and M. L. Reinke and J. E. Rice and P. Rodriguez-Fernandez},
Title         = {Inference of Experimental Radial Impurity Transport on Alcator C-Mod: Bayesian Parameter Estimation and Model Selection},
Eprint        = {2006.06798v3},
DOI           = {10.1088/1741-4326/abae85},
ArchivePrefix = {arXiv},
PrimaryClass  = {physics.plasm-ph},
Abstract      = {We present a fully Bayesian approach for the inference of radial profiles of
impurity transport coefficients and compare its results to neoclassical,
gyrofluid and gyrokinetic modeling. Using nested sampling, the Bayesian
Impurity Transport InferencE (BITE) framework can handle complex parameter
spaces with multiple possible solutions, offering great advantages in
interpretative power and reliability with respect to previously demonstrated
methods. BITE employs a forward model based on the pySTRAHL package, built on
the success of the well-known STRAHL code [Dux, IPP Report, 2004], to simulate
impurity transport in magnetically-confined plasmas. In this paper, we focus on
calcium (Ca, Z=20) Laser Blow-Off injections into Alcator C-Mod plasmas.
Multiple Ca atomic lines are diagnosed via high-resolution X-ray Imaging
Crystal Spectroscopy and Vacuum Ultra-Violet measurements. We analyze a
sawtoothing I-mode discharge for which neoclassical and turbulent (quasilinear
and nonlinear) predictions are also obtained. We find good agreement in
diffusion across the entire radial extent, while turbulent convection and
density profile peaking are estimated to be larger in experiment than suggested
by theory. Efforts and challenges associated with the inference of experimental
pedestal impurity transport are discussed.},
Year          = {2020},
Month         = {Jun},
Url           = {http://arxiv.org/abs/2006.06798v3},
File          = {2006.06798v3.pdf}
}

@article{mathews2021,
Author        = {Abhilash Mathews and Jerry Hughes},
Title         = {Quantifying experimental edge plasma evolution via multidimensional
  adaptive Gaussian process regression},
Eprint        = {2103.01305v1},
ArchivePrefix = {arXiv},
PrimaryClass  = {physics.plasm-ph},
Abstract      = {The edge density and temperature of tokamak plasmas are strongly correlated
with energy and particle confinement and their quantification is fundamental to
understanding edge dynamics. These quantities exhibit behaviours ranging from
sharp plasma gradients and fast transient phenomena (e.g. transitions between
low and high confinement regimes) to nominal stationary phases. Analysis of
experimental edge measurements therefore require robust fitting techniques to
capture potentially stiff spatiotemporal evolution. Additionally, fusion plasma
diagnostics inevitably involve measurement errors and data analysis requires a
statistical framework to accurately quantify uncertainties. This paper outlines
a generalized multidimensional adaptive Gaussian process routine capable of
automatically handling noisy data and spatiotemporal correlations. We focus on
the edge-pedestal region in order to underline advancements in quantifying
time-dependent plasma profiles including transport barrier formation on the
Alcator C-Mod tokamak.},
Year          = {2021},
Month         = {Mar},
Url           = {http://arxiv.org/abs/2103.01305v1},
File          = {2103.01305v1.pdf}
}

@article{kwak2021equilibria,
Author        = {Sehyun Kwak and J. Svensson and O. Ford and L. Appel and Y. -c. Ghim and JET Contributors},
Title         = {Bayesian equilibria of axisymmetric plasmas},
Eprint        = {2103.07581v1},
ArchivePrefix = {arXiv},
PrimaryClass  = {physics.plasm-ph},
Abstract      = {Bayesian models of axisymmetric plasmas using Gaussian processes and force
balance equations have been developed. These models give the full joint
posterior probability distributions over plasma current distributions and
pressure profiles given the magnetic field and pressure measurements
simultaneously. The toroidal currents such as plasma and magnetic field coil
currents are modelled as a grid of toroidal current carrying solid beams. The
plasma pressure and poloidal current flux profiles are given as a function of
the poloidal magnetic flux surface, determined by the toroidal currents.
Inference of all these physics parameters is a tomographic problem, thus, in
order to exclude unreasonable solutions, two different prior distributions have
been exploited: a Gaussian process prior and an equilibrium prior. The Gaussian
process prior constrains the plasma current distributions by their covariance
(smoothness) function whose hyperparameters have been optimally selected by
Bayesian Occam's razor. On the other hand, the equilibrium prior imposes the
magnetohydrodynamic force balance by introducing observations that the
differences between the magnetic force and the plasma pressure gradient are
almost zero at every plasma current beam. These \textit{virtual} observations
emphasise equilibrium solutions \textit{a~priori} as a part of the prior
knowledge. These models with the two different priors employ predictive models
of magnetic sensors and other plasma diagnostics in order to find all possible
solutions consistent with all the measurements. The complex, high dimensional
posterior distributions are explored by a new method based on the Gibbs
sampling scheme.},
Year          = {2021},
Month         = {Mar},
Url           = {http://arxiv.org/abs/2103.07581v1},
File          = {2103.07581v1.pdf}
}

@article{kwak2020bayesian,
  title={Bayesian modelling of Thomson scattering and multichannel interferometer diagnostics using Gaussian processes},
  author={Kwak, Sehyun and Svensson, Jakob and Bozhenkov, S and Flanagan, Joanne and Kempenaars, Mark and Boboc, Alexandru and Ghim, Y-C and Contributors, JET},
  journal={Nuclear Fusion},
  volume={60},
  number={4},
  pages={046009},
  year={2020},
  publisher={IOP Publishing}
}

@article{kwak2021bayesian,
Author        = {Sehyun Kwak and J. Svensson and S. Bozhenkov and H. Trimino Mora and U. Hoefel and A. Pavone and M. Krychowiak and A. Langenberg and Y. -c. Ghim and W7-X Team},
Title         = {Bayesian modelling of multiple plasma diagnostics at Wendelstein 7-X},
Eprint        = {2103.07582v1},
ArchivePrefix = {arXiv},
PrimaryClass  = {physics.plasm-ph},
Abstract      = {Consistent inference of the electron density and temperature has been carried
out with multiple heterogeneous plasma diagnostic data sets at Wendelstein 7-X.
The predictive models of the interferometer, Thomson scattering and helium beam
emission spectroscopy systems have been developed in the Minerva framework and
combined to a single joint model. The electron density and temperature profiles
are modelled by Gaussian processes with their hyperparameters. The model
parameters such as the calibration factor of the Thomson scattering system and
the model predictive uncertainties are regarded as additional unknown
parameters. The joint posterior probability distribution of the electron
density and temperature profiles, hyperparameters of the Gaussian processes and
model parameters is explored by Markov chain Monte Carlo algorithms. The
posterior samples drawn from the joint posterior distribution are numerically
marginalised over the hyperparameters and model parameters to obtain the
marginal posterior distributions of the electron density and temperature
profiles. The inference of these profiles is performed with different
combinations of the interferometer and Thomson scattering data as well as
either the empirical electron density and temperature constraints at the
limiter/divertor positions introduced by \textit{virtual observations} or the
edge density and temperature from the helium beam emission data. Furthermore,
the addition of the X-ray imaging crystal spectrometers to the joint model for
the ion temperature profiles is demonstrated. All these profiles presented in
this work are inferred with the optimal hyperparameters and model parameters by
exploring the full joint posterior distribution which intrinsically embodies
Bayesian Occam's razor.},
Year          = {2021},
Month         = {Mar},
Url           = {http://arxiv.org/abs/2103.07582v1},
File          = {2103.07582v1.pdf}
}

@article{ho2021,
Author        = {Aaron Ho and Jonathan Citrin and Fulvio Auriemma and Clarisse Bourdelle and Francis J. Casson and Hyun-Tae Kim and Pierre Manas and Gabor Szepesi and Henri Weisen and JET Contributors},
Title         = {Application of Gaussian process regression to plasma turbulent transport
  model validation via integrated modelling},
Eprint        = {2105.01177v1},
DOI           = {10.1088/1741-4326/ab065a},
ArchivePrefix = {arXiv},
PrimaryClass  = {physics.plasm-ph},
Abstract      = {This paper outlines an approach towards improved rigour in tokamak turbulence
transport model validation within integrated modelling. Gaussian process
regression (GPR) techniques were applied for profile fitting during the
preparation of integrated modelling simulations allowing for rigourous
sensitivity tests of prescribed initial and boundary conditions as both fit and
derivative uncertainties are provided. This was demonstrated by a JETTO
integrated modelling simulation of the JET ITER-like-wall H-mode baseline
discharge #92436 with the QuaLiKiz quasilinear turbulent transport model, which
is the subject of extrapolation towards a deuterium-tritium plasma. The
simulation simultaneously evaluates the time evolution of heat, particle, and
momentum fluxes over $\sim10$ confinement times, with a simulation boundary
condition at $\rho_{tor} = 0.85$. Routine inclusion of momentum transport
prediction in multi-channel flux-driven transport modelling is not standard and
is facilitated here by recent developments within the QuaLiKiz model. Excellent
agreement was achieved between the fitted and simulated profiles for $n_e$,
$T_e$, $T_i$, and $\Omega_{tor}$ within $2\sigma$, but the simulation
underpredicts the mid-radius $T_i$ and overpredicts the core $n_e$ and $T_e$
profiles for this discharge. Despite this, it was shown that this approach is
capable of deriving reasonable inputs, including derivative quantities, to
tokamak models from experimental data. Furthermore, multiple figures-of-merit
were defined to quantitatively assess the agreement of integrated modelling
predictions to experimental data within the GPR profile fitting framework.},
Year          = {2021},
Month         = {May},
Note          = {Nucl. Fusion 59 056007 (2019)},
Url           = {http://arxiv.org/abs/2105.01177v1},
File          = {2105.01177v1.pdf}
}

@article{fischer2020,
	doi = {10.1080/15361055.2020.1820794},
	url = {https://doi.org/10.1080%2F15361055.2020.1820794},
	year = 2020,
	month = {nov},
	publisher = {Informa {UK} Limited},
	volume = {76},
	number = {8},
	pages = {879--893},
	author = {R. Fischer and L. Giannone and J. Illerhaus and P. J. McCarthy and R. M. McDermott and  ASDEX Upgrade Team},
	title = {Estimation and Uncertainties of Profiles and Equilibria for Fusion Modeling Codes}
}

%comment{This file was created with betterbib v4.0.2.}


@article{chilenski2015,
 author = {Chilenski, M.A. and Greenwald, M. and Marzouk, Y. and Howard, N.T. and White, A.E. and Rice, J.E. and Walk, J.R.},
 doi = {10.1088/0029-5515/55/2/023012},
 number = {2},
 pages = {023012},
 source = {Crossref},
 url = {http://dx.doi.org/10.1088/0029-5515/55/2/023012},
 volume = {55},
 journal = {Nucl. Fusion},
 publisher = {IOP Publishing},
 title = {Improved profile fitting and quantification of uncertainty in experimental measurements of impurity transport coefficients using Gaussian process regression},
 issn = {0029-5515, 1741-4326},
 year = {2015},
 month = jan,
}

@book{svensson2011non,
  title={Non-parametric tomography using Gaussian processes},
  author={Svensson, Jakob},
  year={2011},
  publisher={EFDA}
}

