
@article{Bourgoin_etal_2006,
  author = {M. Bourgoin and R. Volk and N. Plihon and P. Augier and
    P. Odier and J.-F. Pinton},
  title = {An experimental {B}ullard-von {K}\'arm\'an dynamo},
  journal = {New J. Phys. 8},
  year = {2006},
  volume = {12},
  pages = {329},
  doi = {10.1088/1367-2630/8/12/329}
}

@Article{AugierBillant2011,
  author = {P. Augier and P. Billant},
  title = {Onset of secondary instabilities on the zigzag instability in stratified fluids},
  journal = {J. Fluid Mech.},
  year = 2011,
  volume = 662,
  pages = {120-131},
  doi = {10.1017/jfm.2011.231}
}

@Article{AugierGaltierBillant2012,
  author =  {P. Augier and S. Galtier and P. Billant},
  title =   {Kolmogorov laws for stratified turbulence},
  journal = {J. Fluid Mech.},
  year =    2012,
  volume =  709,
  pages =   {659-670},
  doi =     {10.1017/jfm.2012.379}
}

@Article{AugierChomazBillant2012,
  author =  {P. Augier and J.-M. Chomaz and P. Billant},
  title =   {Spectral analysis of the transition to turbulence from a dipole
    in stratified fluids},
  journal = {J. Fluid Mech.},
  year =    2012,
  volume =  {713},
  pages =   {86--108},
  doi = {10.1017/jfm.2012.437}
}
@Article{AugierLindborg2013,
  author =  {P. Augier and E. Lindborg},
  title =   {A New Formulation of the Spectral Energy Budget of the
    Atmosphere, With Application to Two High-Resolution General
    Circulation Models},
  journal = {J. Atmos. Sci.},
  volume =  {70},
  pages =   {2293-2308},
  year =    2013,
  doi =     {10.1175/JAS-D-12-0281.1}
}

@article{AugierBillantNegrettiChomaz2013,
   author = "Augier, P. and Billant, P. and Negretti, M. E. and Chomaz, J.-M.",
   title = "Experimental study of stratified turbulence forced with
columnar dipoles",
   journal = "Phys. Fluids",
   year = "2014",
   volume = "26",
   number = "4",
   doi = "10.1063/1.4870703"
}

@Article{DeusebioAugierLindborg2014,
  author =  {E. Deusebio and P. Augier and E. Lindborg},
  title =   {Third-order structure functions in rotating and stratified
    turbulence: a comparison between numerical, analytical and observational
    results},
  journal = {J. Fluid Mech.},
  volume = {755},
  year = {2014},
  pages = {294--313},
  doi = {10.1017/jfm.2014.414}
}

@Article{OtheguyChomazAugierKimuraBillant2014,
  author =  {P. Otheguy and J.-M. Chomaz and P. Augier and Y. Kimura
    and P. Billant},
  title =   {Pairing of two vertical columnar vortices in a stratified fluid},
  journal = {Eur. J. Mech. B/Fluid},
  volume = "49, Part B",
  pages = "413 - 425",
  year = "2015",
  doi = "10.1016/j.euromechflu.2014.05.007"
}


@article{AugierBillantChomaz2015,
  author =  {P. Augier and P. Billant and J.-M. Chomaz},
  title =   "Stratified turbulence forced with columnar
                  dipoles. Numerical study.",
  journal = {J. Fluid Mech.},
  volume = {769},
  pages = {403--443},
  doi = {10.1017/jfm.2015.76},
  year =    2015}


@INPROCEEDINGS{ISSF2016,
author = {A. Campagne and H. Alfredsson and R. Chassagne and D. Micard and
                  N. Mordant and A. Segalini and J. Sommeria and S. Viboud and
                  A. Vishnu Mohanan and E. Lindborg and P. Augier},
title = {First report of the Milestone experiment: strongly stratified
                  turbulence and mixing efficiency in the Coriolis platform},
booktitle={},
year = 2016,
address = {VIIIth International Symposium on Stratified Flows (ISSF, San Diego, USA)},
}

@article{LeclercqPartridgeAugierDalzielKerswell2016,
author = {C. Leclercq and J. L. Partridge and P. Augier and S. B. Dalziel and R. R. Kerswell},
title = {Using stratification to mitigate end effects in quasi-Keplerian Taylor–Couette flow},
journal = {J. Fluid Mech.},
volume = {791},
month = {3},
year = {2016},
pages = {608--630},
doi = {10.1017/jfm.2016.44},
}

@article{Read2018,
  author = "Peter L. Read and Fachreddin Tabataba-Vakili and Yixiong Wang and
                  Pierre Augier and Erik Lindborg and Alexandru Valeanu and Roland
                  M. B. Young",
  year = "2018",
  title = "{C}omparative terrestrial atmospheric circulation regimes in simplified
                  global circulation models.  {P}art {II}: {E}nergy budgets and
                  spectral transfers.",
  journal = "Q. J. R. Meteorol Soc.",
  volume = {144},
  number = {717},
  pages = {2558--2576},
  doi = {10.1002/qj.3351}
}

@article{fluiddyn,
  doi = {10.5334/jors.237},
  year = {2019},
  volume = {7},
  author = {Pierre Augier and Ashwin Vishnu Mohanan and Cyrille Bonamy},
  title = {{FluidDyn}: A Python Open-Source Framework for Research and Teaching in Fluid Dynamics
      by Simulations,  Experiments and Data Processing},
  journal = "J. Open Research Software"
}

@article{fluidfft,
  doi = {10.5334/jors.238},
  year = {2019},
  volume = {7},
  author = {Ashwin Vishnu Mohanan and Cyrille Bonamy and Pierre Augier},
  title = {{FluidFFT}: Common {API} ({C}++ and Python)
      for Fast Fourier Transform {HPC} Libraries},
  journal = "J. Open Research Software"
}

@article{fluidsim,
  doi = {10.5334/jors.239},
  year = {2019},
  volume = {7},
  author = "Ashwin Vishnu Mohanan and Cyrille Bonamy and Pierre Augier",
  title = "{{FluidSim}: modular, object-oriented Python package for
	    high-performance {CFD} simulations}",
  journal = "J. Open Research Software"
}

@article{AugierMohananLinborg2019,
  title={Shallow water wave turbulence},
  DOI={10.1017/jfm.2019.375},
  journal = "J. Fluid Mech.",
  volume={874},
  author={Augier, Pierre and Mohanan, Ashwin Vishnu and Lindborg, Erik},
  year={2019},
  pages={1169–1196}
}

@article{savaro2020generation,
  title={Generation of weakly nonlinear turbulence of internal gravity waves in the Coriolis facility},
  author={Savaro, Cl{\'e}ment and Campagne, Antoine and Linares, Miguel Calpe and Augier, Pierre and Sommeria, Jo{\"e}l and Valran, Thomas and Viboud, Samuel and Mordant, Nicolas},
  journal={Phys. Rev. Fluids},
  volume={5},
  number={7},
  pages={073801},
  year={2020},
  doi={10.1103/PhysRevFluids.5.073801}
}

@phdthesis{linares2020numerical,
  title={Numerical study of 2D stratified turbulence forced by internal gravity waves},
  author={Calpe Linares, Miguel},
  year={2020},
  school={Universit{\'e} Grenoble Alpes},
  url={https://tel.archives-ouvertes.fr/tel-02612797},
  note={Co-directed by P. Augier and N. Mordant}
}

@phdthesis{mohanan2019advancements,
  title={Advancements in stratified flows through simulation, experiment and open research software development},
  author={Mohanan, Ashwin Vishnu},
  year={2019},
  url={http://urn.kb.se/resolve?urn=urn:nbn:se:kth:diva-256564},
  school={KTH Royal Institute of Technology},
  note={Co-directed by P. Augier and E. Lindborg}
}

@Article{Augier2021,
author={Augier, Pierre
and Bolz-Tereick, Carl Friedrich
and Guelton, Serge
and Mohanan, Ashwin Vishnu},
title={Reducing the ecological impact of computing through education and Python compilers},
journal={Nature Astronomy},
year={2021},
month={Apr},
day={01},
volume={5},
number={4},
pages={334-335},
issn={2397-3366},
doi={10.1038/s41550-021-01342-y}
}

@article{Rodda2022experimental,
  title = {Experimental observations of internal wave turbulence transition in a stratified fluid},
  author = {Rodda, Costanza and Savaro, Cl\'ement and Davis, G\'eraldine and Reneuve, Jason and Augier, Pierre and Sommeria, Jo\"el and Valran, Thomas and Viboud, Samuel and Mordant, Nicolas},
  journal = {Phys. Rev. Fluids},
  volume = {7},
  issue = {9},
  pages = {094802},
  numpages = {26},
  year = {2022},
  month = {Sep},
  doi = {10.1103/PhysRevFluids.7.094802}
}

@article{Mohanan2023,
  doi = {10.21105/joss.05586},
  url = {https://doi.org/10.21105/joss.05586},
  year = {2023},
  publisher = {The Open Journal},
  volume = {8},
  number = {88},
  pages = {5586},
  author = {Ashwin Vishnu Mohanan and Arman Khoubani and Pierre Augier},
  title = {Snek5000: a new {P}ython framework for {N}ek5000}, journal = {Journal of Open Source Software} }
