@inproceedings{ISSF2016,
  author = {A. Campagne and H. Alfredsson and R. Chassagne and D. Micard and N. Mordant and
    A. Segalini and J. Sommeria and S. Viboud and A. Vishnu Mohanan and E. Lindborg and P.
    Augier},
  title = {First report of the Milestone experiment: strongly stratified turbulence and
    mixing efficiency in the Coriolis platform},
  booktitle = {},
  year = {2016},
  address = {VIIIth International Symposium on Stratified Flows (ISSF, San Diego, USA)}
}
