@Book{ContiQML2023,
  author          = {Conti, Claudio},
  title           = {Quantum Machine Learning},
  series       = {Quantum Science and Technology},
  publisher    = {Springer},
  location     = {Charm (CH)},
  isbn         = {978-3-031-44225-4},
  doi          = {10.1007/978-3-031-44226-1},
}
